<?xml version="1.0" encoding="UTF-8"?><collection xmlns="http://www.loc.gov/MARC21/slim"><record><leader>00592nam--2200205-u-4500</leader><controlfield tag="001">000053768</controlfield><controlfield tag="002">20161230</controlfield><controlfield tag="005">20161230201051</controlfield><controlfield tag="008">110617s1000------------r-----000-0-rus-d</controlfield><datafield ind1=" " ind2=" " tag="040"><subfield code="a">IFIN-HH</subfield></datafield><datafield ind1=" " ind2=" " tag="041"><subfield code="a">rus</subfield></datafield><datafield ind1=" " ind2=" " tag="080"><subfield code="a">538.122</subfield></datafield><datafield ind1="1" ind2=" " tag="100"><subfield code="a">Parkinson, David H</subfield></datafield><datafield ind1="1" ind2="0" tag="245"><subfield code="a">Polucenie silinih magnitnih polei</subfield><subfield code="c">David h. parkinson; brian e. mulhall</subfield></datafield><datafield ind1=" " ind2=" " tag="260"><subfield code="a">Moskva</subfield><subfield code="b">Atomizdat</subfield><subfield code="c">1971</subfield></datafield><datafield ind1=" " ind2=" " tag="300"><subfield code="a">200P</subfield></datafield><datafield ind1=" " ind2=" " tag="500"><subfield code="a">Titlul Original In Limba Engleza: The Generation Of High Magnetic Fields</subfield></datafield><datafield ind1="1" ind2=" " tag="700"><subfield code="a">Mulhall, Brian E</subfield></datafield><datafield ind1=" " ind2=" " tag="852"><subfield code="a">36698</subfield><subfield code="c">537:538</subfield></datafield><datafield ind1=" " ind2=" " tag="CAT"><subfield code="a">Sys</subfield><subfield code="c">20110617</subfield><subfield code="h">130812</subfield></datafield></record></collection>